@manual{SingleLink,
  author       = {P. Tatjewski},
  title        = {Single-Link Manipulator Control},
  edition      = {Modeling and Control of Manipulators Part II},
  organization = {Politechnika Warsawska, Automatyki i Informatyki Stosowanej}
}
@manual{TrajGener,
  author       = {P. Tatjewski},
  title        = {Trajectory Generation for Point-to-Point Control},
  edition      = {Modeling and Control of Manipulators Part II},
  organization = {Politechnika Warsawska, Automatyki i Informatyki Stosowanej}
}
@manual{MultiVar,
  author       = {P. Tatjewski},
  title        = {Multivariable Control 1: PID and Computed Torque Control},
  edition      = {Modeling and Control of Manipulators Part II},
  organization = {Politechnika Warsawska, Automatyki i Informatyki Stosowanej}
}